@inproceedings{r1,
  title={Speech recognition based robotic arm writing},
  author={Yuvaraj, S and Badholia, Abhishek and William, P and Vengatesan, K and Bibave, Rahul},
  booktitle={Proceedings of International Conference on Communication and Artificial Intelligence: ICCAI 2021},
  pages={23--33},
  year={2022},
  organization={Springer}
}
@article{r2,
  title={Review of voice controlled robotic arm-raspberry Pi},
  author={Babu, B Shoban and Priyadharshini, V and Patel, Prince},
  journal={European Journal of Electrical Engineering and Computer Science},
  volume={5},
  number={2},
  pages={1--4},
  year={2021}
}

@article{r3,
  title={Computer Vision-based Robotic Arm for Object Color, Shape, and Size Detection},
  author={Abdullah-Al-Noman, Md and Eva, Anika Nawer and Yeahyea, Tabassum Binth and Khan, Riasat},
  journal={Journal of Robotics and Control (JRC)},
  volume={3},
  number={2},
  pages={180--186},
  year={2022}
}
@article{r4,
  title={Applying a 6-axis mechanical arm combine with computer vision to the research of object recognition in plane inspection},
  author={Chen, Joy Iong-Zong and Chang, Jen-Ting},
  journal={Journal of Artificial Intelligence and Capsule Networks},
  volume={2},
  number={2},
  pages={77--99},
  year={2020}
}
@article{r5,
  title={Automated Robot ARM using Ultrasonic Sensor in Assembly Line},
  author={Kanade, Prakash and Alva, Prajna and Kanade, Sunay and Ghatwal, Shama},
  journal={International Research Journal of Engineering and Technology (IRJET)},
  volume={7},
  number={12},
  pages={615--620},
  year={2020}
}